@online{kubernetes,
    title = {Kubernetes official website},
    url = {https://kubernetes.io/},
}

@online{batsim,
	title = {Batsim docs},
	url = {https://batsim.readthedocs.io/en/latest/},
}

@online{simgrid,
	title = {Simgrid official website},
	url = {https://simgrid.frama.io/}
}

@online{kube-for-hpc,
	title = {Kubernetes Meets High-Performance Computing},
	url = {https://kubernetes.io/blog/2017/08/kubernetes-meets-high-performance/},
	urldate = {2020-04-21}
}

@online{joysim,
	title = {A Toolkit for Simulating Kubernetes Scheduling at Scale - Yuan Chen, JD.com},
	urldate = {2020-04-21},
	url = {https://kccncna19.sched.com/event/UaVk/a-toolkit-for-simulating-kubernetes-scheduling-at-scale-yuan-chen-jdcom}
}

@online{kubesim,
	title = {k8s-cluster-simulator: A simulator for evaluating Kubernetes schedulers},
	urldate = {2020-04-21},
	url = {https://tech.preferred.jp/en/blog/k8s-cluster-simulator-release/}
}
